@article{Di YANG20192018EDP7330,
  title={MF-CNN: Traffic Flow Prediction Using Convolutional Neural Network and Multi-Features Fusion},
  author={Di YANG and Songjiang LI and Zhou PENG and Peng WANG and Junhui WANG and Huamin YANG},
  journal={IEICE Transactions on Information and Systems},
  volume={E102.D},
  number={8},
  pages={1526-1536},
  year={2019},
  doi={10.1587/transinf.2018EDP7330}
}